<?xml version="1.0" encoding="UTF-8"?>
<record xmlns="http://www.loc.gov/MARC21/slim">
   <leader>00694cam a22001935  4500</leader>
   <controlfield tag="001">2787453</controlfield>
   <controlfield tag="003">NjP</controlfield>
   <controlfield tag="005">20100810164255.0</controlfield>
   <controlfield tag="008">991118s1931    ti a          000 0 ara d</controlfield>
   <datafield tag="024" ind1="7" ind2=" ">
      <subfield code="a">princeton_aco004798</subfield>
      <subfield code="2">local</subfield>
   </datafield>
   <datafield ind1=" " ind2=" " tag="035">
      <subfield code="a">(OCoLC)ocm42847498</subfield>
   </datafield>
   <datafield ind1=" " ind2=" " tag="035">
      <subfield code="9">CNJ6455TS</subfield>
   </datafield>
   <datafield ind1=" " ind2=" " tag="040">
      <subfield code="a">PUL</subfield>
      <subfield code="c">PUL</subfield>
   </datafield>
   <datafield ind1="2" ind2=" " tag="111">
      <subfield code="a">Jamʻīyat Ṭalabat Shamāl Ifrīqiyā al-Muslimīn al-Muʾtamar</subfield>
      <subfield code="n">(1st :</subfield>
      <subfield code="d">1931 :</subfield>
      <subfield code="c">Tunis).</subfield>
   </datafield>
   <datafield ind1="0" ind2="0" tag="245">
      <subfield code="a">Nashrat maḥāḍir jalsāt Muʾtamar Ṭalabat Shamāl Ifrīqiyā al-Muslimīn ...</subfield>
   </datafield>
   <datafield ind1=" " ind2=" " tag="260">
      <subfield code="a">Tunis,</subfield>
      <subfield code="b">al-Maṭbaʻah al-Aḥlīyah</subfield>
      <subfield code="c">[1931?]</subfield>
   </datafield>
   <datafield ind1=" " ind2=" " tag="300">
      <subfield code="a">123 p.</subfield>
      <subfield code="b">illus.</subfield>
      <subfield code="c">25 cm.</subfield>
   </datafield>
   <datafield ind1=" " ind2=" " tag="546">
      <subfield code="a">In Arabic.</subfield>
   </datafield>
   <datafield ind1=" " ind2=" " tag="945">
      <subfield code="a">F</subfield>
      <subfield code="b">1</subfield>
      <subfield code="c">2251.4974</subfield>
   </datafield>
   <datafield ind1=" " ind2=" " tag="911">
      <subfield code="a">20000130</subfield>
   </datafield>
   <datafield ind1="0" ind2="0" tag="852">
      <subfield code="0">3098416</subfield>
      <subfield code="b">rcppa</subfield>
      <subfield code="t">1</subfield>
      <subfield code="h">LC904</subfield>
      <subfield code="i">.J365 1931</subfield>
      <subfield code="x">tr fr nec</subfield>
   </datafield>
   <datafield ind1=" " ind2=" " tag="959">
      <subfield code="a">2009-06-29 09:48:19 -0500</subfield>
   </datafield>
</record>
